@book{liggesmeyer2009software,
  title={Software-Qualit{\"a}t: Testen, Analysieren und Verifizieren von Software},
  author={Liggesmeyer, P.},
  isbn={9783827422033},
  url={https://books.google.de/books?id=VSkpBAAAQBAJ},
  year={2009},
  publisher={Spektrum Akademischer Verlag}
},

@MISC{messsoft,
  author={Dumke, R. and Ebert, C. and Heidrich, J. and Wille, C.},
  TITLE        = "Messung und Bewertung von Software",
  year ={2013},
  HOWPUBLISHED = "Article",
  NOTE         = "Online available at
                  \url{ https://doi.org/10.1007/s00287-013-0723-y };
                  visited on 21. May 2022."
},

@MISC{nom,
 author={Blech, R.},
  TITLE        = "Nominalskala",
   HOWPUBLISHED = "Website",
  NOTE         = "Online available at
                  \url{https://studyflix.de/statistik/nominalskala-1359 };
                  visited on 21. May 2022."
},


@MISC{ord,
   author={Blech, R.},
  TITLE        = "Ordinalskala",
  HOWPUBLISHED = "Website",
  NOTE         = "Online available at
                  \url{ https://studyflix.de/statistik/ordinalskala-1327};
                  visited on 21. May 2022."
},

@MISC{int,
  author={Blech, R.},
  TITLE        = "Intervallskala",
  HOWPUBLISHED = "Website",
  NOTE         = "Online available at
                  \url{ https://studyflix.de/statistik/intervallskala-1414 };
                  visited on 21. May 2022."
},

@MISC{ver,
  author={Blech, R.},
  TITLE        = "Skalnenniveau",
  HOWPUBLISHED = "Website",
  NOTE         = "Online available at
                  \url{ https://studyflix.de/statistik/skalenniveaus-1050 };
                  visited on 21. May 2022."
},

@MISC{gqm,
  author={Karlsruher Institut für Technologie},
  TITLE        = "Goal Question Metric",
  HOWPUBLISHED = "Website",
  NOTE         = "Online available at
                  \url{ https://sdqweb.ipd.kit.edu/wiki/Goal_Question_Metric};
                  visited on 21. May 2022."
},

@MISC{zyk,
  author={Rauch, G. and Augsten, S.},
  TITLE        = "Was ist zyklomatische Komplexität?",
  HOWPUBLISHED = "Website",
  NOTE         = "Online available at
                  \url{ https://www.dev-insider.de/was-ist-zyklomatische-komplexitaet-a-1049477/};
                  visited on 21. May 2022."
},








